%YAML 1.1
%TAG !u! tag:unity3d.com,2011:
--- !u!243 &-6080033341663165394
AudioMixerGroupController:
  m_ObjectHideFlags: 0
  m_CorrespondingSourceObject: {fileID: 0}
  m_PrefabInstance: {fileID: 0}
  m_PrefabAsset: {fileID: 0}
  m_Name: Music
  m_AudioMixer: {fileID: 24100000}
  m_GroupID: 9ca6c71af6b5e794f8a8b899d33cdbd5
  m_Children: []
  m_Volume: fe993e02819377d4588b8737d61e6063
  m_Pitch: b70b33786e9297149b940ad70ed053c5
  m_Send: 00000000000000000000000000000000
  m_Effects:
  - {fileID: -442844018683875513}
  m_UserColorIndex: 0
  m_Mute: 0
  m_Solo: 0
  m_BypassEffects: 0
--- !u!244 &-442844018683875513
AudioMixerEffectController:
  m_ObjectHideFlags: 3
  m_CorrespondingSourceObject: {fileID: 0}
  m_PrefabInstance: {fileID: 0}
  m_PrefabAsset: {fileID: 0}
  m_Name: 
  m_EffectID: 38382f706c18e7d4bbdd222eb51ea5a1
  m_EffectName: Attenuation
  m_MixLevel: 90923bf4abe5b794fb7e45776f5624b2
  m_Parameters: []
  m_SendTarget: {fileID: 0}
  m_EnableWetMix: 0
  m_Bypass: 0
--- !u!241 &24100000
AudioMixerController:
  m_ObjectHideFlags: 0
  m_CorrespondingSourceObject: {fileID: 0}
  m_PrefabInstance: {fileID: 0}
  m_PrefabAsset: {fileID: 0}
  m_Name: Mixer
  m_OutputGroup: {fileID: 0}
  m_MasterGroup: {fileID: 24300002}
  m_Snapshots:
  - {fileID: 24500006}
  m_StartSnapshot: {fileID: 24500006}
  m_SuspendThreshold: -80
  m_EnableSuspend: 1
  m_UpdateMode: 0
  m_ExposedParameters: []
  m_AudioMixerGroupViews:
  - guids:
    - f30a91afd87d745488873f248d5ff06b
    - 9ca6c71af6b5e794f8a8b899d33cdbd5
    - 7e4b9bce4d8eb8340942920a9b588075
    name: View
  m_CurrentViewIndex: 0
  m_TargetSnapshot: {fileID: 24500006}
--- !u!243 &24300002
AudioMixerGroupController:
  m_ObjectHideFlags: 0
  m_CorrespondingSourceObject: {fileID: 0}
  m_PrefabInstance: {fileID: 0}
  m_PrefabAsset: {fileID: 0}
  m_Name: Master
  m_AudioMixer: {fileID: 24100000}
  m_GroupID: f30a91afd87d745488873f248d5ff06b
  m_Children:
  - {fileID: -6080033341663165394}
  - {fileID: 1792852074094576516}
  m_Volume: 5109982f29eff0242bd16f96b4fce636
  m_Pitch: 91de2feaf09dcab45ab125ee1447699f
  m_Send: 00000000000000000000000000000000
  m_Effects:
  - {fileID: 24400004}
  m_UserColorIndex: 0
  m_Mute: 0
  m_Solo: 0
  m_BypassEffects: 0
--- !u!244 &24400004
AudioMixerEffectController:
  m_ObjectHideFlags: 3
  m_CorrespondingSourceObject: {fileID: 0}
  m_PrefabInstance: {fileID: 0}
  m_PrefabAsset: {fileID: 0}
  m_Name: 
  m_EffectID: cdc107be70c276a469c431ae7fcc8617
  m_EffectName: Attenuation
  m_MixLevel: 4455bd50b9e13204bbc9f70795cc8064
  m_Parameters: []
  m_SendTarget: {fileID: 0}
  m_EnableWetMix: 0
  m_Bypass: 0
--- !u!245 &24500006
AudioMixerSnapshotController:
  m_ObjectHideFlags: 0
  m_CorrespondingSourceObject: {fileID: 0}
  m_PrefabInstance: {fileID: 0}
  m_PrefabAsset: {fileID: 0}
  m_Name: Snapshot
  m_AudioMixer: {fileID: 24100000}
  m_SnapshotID: 030f9f00d9874844a8c6454bb86e2a94
  m_FloatValues: {}
  m_TransitionOverrides: {}
--- !u!244 &1165586534127664405
AudioMixerEffectController:
  m_ObjectHideFlags: 3
  m_CorrespondingSourceObject: {fileID: 0}
  m_PrefabInstance: {fileID: 0}
  m_PrefabAsset: {fileID: 0}
  m_Name: 
  m_EffectID: 9fb8e74367d3c1a4c84b6f5bb2f70cf7
  m_EffectName: Attenuation
  m_MixLevel: b05204000d407234bbb14b808ac607ea
  m_Parameters: []
  m_SendTarget: {fileID: 0}
  m_EnableWetMix: 0
  m_Bypass: 0
--- !u!243 &1792852074094576516
AudioMixerGroupController:
  m_ObjectHideFlags: 0
  m_CorrespondingSourceObject: {fileID: 0}
  m_PrefabInstance: {fileID: 0}
  m_PrefabAsset: {fileID: 0}
  m_Name: SFX
  m_AudioMixer: {fileID: 24100000}
  m_GroupID: 7e4b9bce4d8eb8340942920a9b588075
  m_Children: []
  m_Volume: f4f866e9b15cbc74bbaa4a33a0d3cd6a
  m_Pitch: 4dbe37679cb5113409c628dbb9a360f2
  m_Send: 00000000000000000000000000000000
  m_Effects:
  - {fileID: 1165586534127664405}
  m_UserColorIndex: 0
  m_Mute: 0
  m_Solo: 0
  m_BypassEffects: 0
